@article{YiHe,
    author  = "Yi He",
    title   = "Rapid thermal conductivity measurement with a hot disk sensor: Part 1. {T}heoretical considerations",
    year    = "2005",
    journal = "Thermochimica Acta",
    volume  = "436",
    pages   = "122--129"
}
@article{Gustafsson,
    author  = "Silas E. Gustafsson",
    title   = "Transient plane source techniques for thermal conductivity and thermal diffusivity measurements of solid materials",
    year    = "1991",
    journal = "Review of Scientific Instruments",
    volume  = "62",
    pages   = "797--804"
}
@misc{SP,
	author 	= "SP Technical Research Institute of Sweden",
	title 	= "{Transient Plane Source (TPS)}",
	howpublished = "\url{http://www.hotdiskinstruments.com/products/sensors-for-thermal-conductivity-measurements.html#kapton-sensors}",
	note 	= "[Consulté le 4 Décembre 2014]"
}
@article{Bessel,
	author 	= "E. E. Allen",
	title 	= "Polynomial approximations to some modified {B}essel functions",
	howpublished = "\url{http://www.ams.org/journals/mcom/1956-10-055/S0025-5718-1956-0080774-4/#sthash.i3GgBw1x.dpuf}",
	year    = "1956",
    journal = "Mathematics of Computation",
    volume  = "10",
    pages   = "162--164"
}
@misc{HotDisk,
	author 	= "Hot Disk AB",
	title 	= "{Sensors for Thermal 
	Conductivity Measurements}",
	howpublished = "\url{http://www.hotdiskinstruments.com/products/sensors-for-thermal-conductivity-measurements.html}",
	note 	= "[Consulté le 4 Décembre 2014]"
}